<record><leader>00000cas a22000007a 4500</leader><controlfield tag="001">14077311</controlfield><controlfield tag="008">860812d18811910txucr ne      0    0eng d</controlfield><datafield ind1=" " ind2=" " tag="010"><subfield code="a">sn 86088776 </subfield></datafield><datafield ind1=" " ind2=" " tag="040"><subfield code="a">PPM</subfield><subfield code="b">eng</subfield><subfield code="c">PPM</subfield><subfield code="d">OCLCQ</subfield></datafield><datafield ind1=" " ind2=" " tag="042"><subfield code="a">msc</subfield></datafield><datafield ind1="0" ind2="4" tag="245"><subfield code="a">The Coleman voice.</subfield></datafield><datafield ind1=" " ind2=" " tag="260"><subfield code="a">Coleman, Tex. :</subfield><subfield code="b">J.H. Tucker</subfield></datafield><datafield ind1=" " ind2=" " tag="300"><subfield code="a">v. :</subfield><subfield code="b">ill. ;</subfield><subfield code="c">56 cm.</subfield></datafield><datafield ind1=" " ind2=" " tag="310"><subfield code="a">Semiweekly</subfield></datafield><datafield ind1=" " ind2=" " tag="321"><subfield code="a">Weekly</subfield></datafield><datafield ind1="1" ind2=" " tag="362"><subfield code="a">Began in 1881?</subfield></datafield><datafield ind1="0" ind2=" " tag="362"><subfield code="a">-v. 1, no. 62 (Feb. 10, 1910).</subfield></datafield><datafield ind1=" " ind2=" " tag="500"><subfield code="a">Later published by Democrat-Voice Pub. Co.</subfield></datafield><datafield ind1=" " ind2=" " tag="515"><subfield code="a">Begining June 22, 1909 volume and issue numbering start over with number one.</subfield></datafield><datafield ind1=" " ind2=" " tag="588"><subfield code="a">Description based on: Vol. 10, no. 16 (Oct. 8, 1891).</subfield></datafield><datafield ind1=" " ind2=" " tag="752"><subfield code="a">United States</subfield><subfield code="b">Texas</subfield><subfield code="c">Coleman</subfield><subfield code="d">Coleman.</subfield></datafield><datafield ind1="1" ind2=" " tag="029"><subfield code="a">AU@</subfield><subfield code="b">000025837610</subfield></datafield></record>